<record><leader>00000cas a22000007a 4500</leader><controlfield tag="001">13909010</controlfield><controlfield tag="008">860721d19031905iauwr ne      0    0eng d</controlfield><datafield ind1=" " ind2=" " tag="010"><subfield code="a">sn 86061048 </subfield></datafield><datafield ind1=" " ind2=" " tag="040"><subfield code="a">INP</subfield><subfield code="b">eng</subfield><subfield code="c">INP</subfield><subfield code="d">OCLCQ</subfield></datafield><datafield ind1=" " ind2=" " tag="042"><subfield code="a">msc</subfield></datafield><datafield ind1="0" ind2=" " tag="130"><subfield code="a">News-Republican (Bloomfield, Iowa)</subfield></datafield><datafield ind1="1" ind2="0" tag="245"><subfield code="a">News-Republican.</subfield></datafield><datafield ind1=" " ind2=" " tag="260"><subfield code="a">Bloomfield, Davis County, Iowa :</subfield><subfield code="b">Rominger Bros. &amp; F.C. Traverse,</subfield><subfield code="c">1903-1905.</subfield></datafield><datafield ind1=" " ind2=" " tag="300"><subfield code="a">3 v. :</subfield><subfield code="b">ill. ;</subfield><subfield code="c">55 cm.</subfield></datafield><datafield ind1=" " ind2=" " tag="310"><subfield code="a">Weekly</subfield></datafield><datafield ind1="0" ind2=" " tag="362"><subfield code="a">1st year, no. 27 (June 11, 1903)-1st year, no. 28 (June 18, 1903); 41st year, no. 1 (June 25, 1903)-43rd year, no. 23 (Nov. 16, 1905).</subfield></datafield><datafield ind1=" " ind2=" " tag="500"><subfield code="a">Publisher varies.</subfield></datafield><datafield ind1=" " ind2=" " tag="515"><subfield code="a">Occasional numbering errors.</subfield></datafield><datafield ind1=" " ind2=" " tag="525"><subfield code="a">Oct. 19, 1905 issue has supplement.</subfield></datafield><datafield ind1=" " ind2=" " tag="752"><subfield code="a">United States</subfield><subfield code="b">Iowa</subfield><subfield code="c">Davis</subfield><subfield code="d">Bloomfield.</subfield></datafield><datafield ind1="0" ind2="4" tag="780"><subfield code="t">Davis County Republican (Bloomfield, Iowa : 1868)</subfield><subfield code="w">(DLC)sn 84027054</subfield></datafield><datafield ind1="0" ind2="4" tag="780"><subfield code="t">Davis County news</subfield><subfield code="w">(DLC)sn 86061047</subfield></datafield><datafield ind1="0" ind2="0" tag="785"><subfield code="t">Davis County Republican (Bloomfield, Iowa : 1905)</subfield><subfield code="w">(DLC)sn 86061049</subfield></datafield></record>